@misc{gpt4techreport,
  author      = {OpenAI},
  title       = {GPT-4 Technical Report},
  year        = {2023},
  howpublished = {https://cdn.openai.com/papers/gpt-4.pdf}
}

@misc{gpt4systemcard,
  author      = {OpenAI},
  title       = {GPT-4 System Card},
  year        = {2023},
  howpublished = {https://cdn.openai.com/papers/gpt-4-system-card.pdf}
}

@misc{bai2022constitutional,
      title={Constitutional AI: Harmlessness from AI Feedback}, 
      author={Yuntao Bai and Saurav Kadavath and Sandipan Kundu and Amanda Askell and Jackson Kernion and Andy Jones and Anna Chen and Anna Goldie and Azalia Mirhoseini and Cameron McKinnon and Carol Chen and Catherine Olsson and Christopher Olah and Danny Hernandez and Dawn Drain and Deep Ganguli and Dustin Li and Eli Tran-Johnson and Ethan Perez and Jamie Kerr and Jared Mueller and Jeffrey Ladish and Joshua Landau and Kamal Ndousse and Kamile Lukosuite and Liane Lovitt and Michael Sellitto and Nelson Elhage and Nicholas Schiefer and Noemi Mercado and Nova DasSarma and Robert Lasenby and Robin Larson and Sam Ringer and Scott Johnston and Shauna Kravec and Sheer El Showk and Stanislav Fort and Tamera Lanham and Timothy Telleen-Lawton and Tom Conerly and Tom Henighan and Tristan Hume and Samuel R. Bowman and Zac Hatfield-Dodds and Ben Mann and Dario Amodei and Nicholas Joseph and Sam McCandlish and Tom Brown and Jared Kaplan},
      year={2022},
      eprint={2212.08073},
      archivePrefix={arXiv},
      primaryClass={cs.CL}
}
@article{perez2022discovering,
  title={Discovering Language Model Behaviors with Model-Written Evaluations},
  author={Perez, Ethan and Ringer, Sam and Luko{\v{s}}i{\=u}t{\.e}, Kamil{\.e} and Nguyen, Karina and Chen, Edwin and Heiner, Scott and Pettit, Craig and Olsson, Catherine and Kundu, Sandipan and Kadavath, Saurav and others},
  journal={arXiv preprint arXiv:2212.09251},
  year={2022}
}

@article{ouyang2022training,
  title={Training language models to follow instructions with human feedback},
  author={Ouyang, Long and Wu, Jeffrey and Jiang, Xu and Almeida, Diogo and Wainwright, Carroll and Mishkin, Pamela and Zhang, Chong and Agarwal, Sandhini and Slama, Katarina and Ray, Alex and others},
  journal={Advances in Neural Information Processing Systems},
  volume={35},
  pages={27730--27744},
  year={2022}
}

@misc{lauro_project, 
    author = {Lauro Langosco},
    title = {Instrumental reasoning in LLM agents}, 
    institution = {University of Cambridge},
    year={2023},
    howpublished = {https://docs.google.com/document/d/1xdidMGrzHDIJ5sG2h1TKb-HiGh-hgsMY3jugnvd6Aqo/},
    note = {[Accessed 06-Apr-2023]},
}

@article{ngo2022alignment,
  title={The alignment problem from a deep learning perspective},
  author={Ngo, Richard},
  journal={arXiv preprint arXiv:2209.00626},
  year={2022}
}

@book{russell2019human,
  title={Human compatible: Artificial intelligence and the problem of control},
  author={Russell, Stuart},
  year={2019},
  publisher={Penguin}
}

@article{pan2023rewards,
  title={Do the Rewards Justify the Means? Measuring Trade-Offs Between Rewards and Ethical Behavior in the MACHIAVELLI Benchmark},
  author={Pan, Alexander and Shern, Chan Jun and Zou, Andy and Li, Nathaniel and Basart, Steven and Woodside, Thomas and Ng, Jonathan and Zhang, Hanlin and Emmons, Scott and Hendrycks, Dan},
  journal={arXiv preprint arXiv:2304.03279},
  year={2023}
}

@misc{openai2022alignment,
  title={Our approach to alignment research},
  author={Leike, Jan and Schulman, John and Wu, Jeffrey},
  howpublished={\url{https://openai.com/blog/our-approach-to-alignment-research/}},
  year={2022},
}
@misc{turpin2023language,
      title={Language Models Don't Always Say What They Think: Unfaithful Explanations in Chain-of-Thought Prompting}, 
      author={Miles Turpin and Julian Michael and Ethan Perez and Samuel R. Bowman},
      year={2023},
      eprint={2305.04388},
      archivePrefix={arXiv},
      primaryClass={cs.CL}
}
@misc{lin2022truthfulqa,
      title={TruthfulQA: Measuring How Models Mimic Human Falsehoods}, 
      author={Stephanie Lin and Jacob Hilton and Owain Evans},
      year={2022},
      eprint={2109.07958},
      archivePrefix={arXiv},
      primaryClass={cs.CL}
}

@misc{perez2022red,
      title={Red Teaming Language Models with Language Models}, 
      author={Ethan Perez and Saffron Huang and Francis Song and Trevor Cai and Roman Ring and John Aslanides and Amelia Glaese and Nat McAleese and Geoffrey Irving},
      year={2022},
      eprint={2202.03286},
      archivePrefix={arXiv},
      primaryClass={cs.CL}
}

@misc{shutdown23,
      title={Evaluating Shutdown Avoidance of Language Models in Textual Scenarios}, 
      author={Teun van der Weij and Simon Lermen and Leon Lang},
      year={2023},
      eprint={2307.00787},
      archivePrefix={arXiv},
      primaryClass={cs.CL}
}

 @misc{openai_2023, 
 howpublished={https://platform.openai.com/docs/}, 
 author={OpenAI}, 
 institution={OpenAI},
 title={OpenAI API Documentation}, 
 year={2023},
 note={[Accessed 16-Apr-2023]},
} 

@misc{chaosgpt,
 author = {ChaosGPT},
 year = {2023},
 title = {ChaosGPT: Empowering GPT with Internet and Memory to Destroy Humanity},
 howpublished = {https://www.youtube.com/watch?v=g7YJIpkk7KM}
 }

@article{ahn2022can,
  title={Do as i can, not as i say: Grounding language in robotic affordances},
  author={Ahn, Michael and Brohan, Anthony and Brown, Noah and Chebotar, Yevgen and Cortes, Omar and David, Byron and Finn, Chelsea and Gopalakrishnan, Keerthana and Hausman, Karol and Herzog, Alex and others},
  journal={arXiv preprint arXiv:2204.01691},
  year={2022}
}

@article{bubeck2023sparks,
  title={Sparks of artificial general intelligence: Early experiments with gpt-4},
  author={Bubeck, S{\'e}bastien and Chandrasekaran, Varun and Eldan, Ronen and Gehrke, Johannes and Horvitz, Eric and Kamar, Ece and Lee, Peter and Lee, Yin Tat and Li, Yuanzhi and Lundberg, Scott and others},
  journal={arXiv preprint arXiv:2303.12712},
  year={2023}
}

@misc{openaiGPT4,
	author = {OpenAI},
	title = {{G}{P}{T}-4 --- openai.com},
	howpublished = {https://openai.com/research/gpt-4},
	year = {2023},
	note = {[Accessed 06-Apr-2023]},
}

@book{simler2017elephant,
  title={The elephant in the brain: Hidden motives in everyday life},
  author={Simler, Kevin and Hanson, Robin},
  year={2017},
  publisher={Oxford University Press}
}

@inproceedings{soares2015corrigibility,
  title={Corrigibility},
  author={Soares, Nate and Fallenstein, Benja and Armstrong, Stuart and Yudkowsky, Eliezer},
  booktitle={Workshops at the Twenty-Ninth AAAI Conference on Artificial Intelligence},
  year={2015}
}

@article{tu2020empirical,
  title={An empirical study on robustness to spurious correlations using pre-trained language models},
  author={Tu, Lifu and Lalwani, Garima and Gella, Spandana and He, He},
  journal={Transactions of the Association for Computational Linguistics},
  volume={8},
  pages={621--633},
  year={2020},
  publisher={MIT Press}
}

@inproceedings{bender2021dangers,
  title={On the Dangers of Stochastic Parrots: Can Language Models Be Too Big?},
  author={Bender, Emily M and Gebru, Timnit and McMillan-Major, Angelina and Shmitchell, Shmargaret},
  booktitle={Proceedings of the 2021 ACM conference on fairness, accountability, and transparency},
  pages={610--623},
  year={2021}
}

@online{lesswrongwitchbot,
  author = {Anonymous},
  title = {You can use GPT-4 to create prompt injections against GPT-4},
  year = 2023,
  howpublished = {https://www.lesswrong.com/posts/bNCDexejSZpkuu3yz/you-can-use-gpt-4-to-create-prompt-injections-against-gpt-4},
  urldate = {2022-10-30}
}

@misc{openai2022superalignment,
  title = {Introducing Superalignment},
  author = {OpenAI},
  year = {2022},
  howpublished = {\url{https://openai.com/blog/introducing-superalignment/}}
}


@misc{googleProjectDoc,
	author = {Lauro Langosco},
	title = {{P}roject doc: instrumental goals and deceptive alignment in {L}{L}{M} agents --- docs.google.com},
	howpublished = {https://docs.google.com/document/d/1xdidMGrzHDIJ5sG2h1TKb-HiGh-hgsMY3jugnvd6Aqo},
	year = {2023},
	note = {[Accessed 06-Apr-2023]},
}

@misc{lesswrongExperimentIdea,
	author = {Leon Lang},
	title = {Experiment Idea: RL Agents Evading Learned Shutdownability},
	howpublished = {https://www.alignmentforum.org/posts/Y59AYj5keDYHf29LK/experiment-idea-rl-agents-evading-learned-shutdownability},
	year = {2023},
}

@article{leike2017ai,
  title={AI safety gridworlds},
  author={Leike, Jan and Martic, Miljan and Krakovna, Victoria and Ortega, Pedro A and Everitt, Tom and Lefrancq, Andrew and Orseau, Laurent and Legg, Shane},
  journal={arXiv preprint arXiv:1711.09883},
  year={2017}
}

@misc{zhang2023exploring,
      title={Exploring the MIT Mathematics and EECS Curriculum Using Large Language Models}, 
      author={Sarah J. Zhang and Samuel Florin and Ariel N. Lee and Eamon Niknafs and Andrei Marginean and Annie Wang and Keith Tyser and Zad Chin and Yann Hicke and Nikhil Singh and Madeleine Udell and Yoon Kim and Tonio Buonassisi and Armando Solar-Lezama and Iddo Drori},
      year={2023},
      eprint={2306.08997},
      archivePrefix={arXiv},
      primaryClass={cs.CL}
}

@misc{openai_evals,
    title = {Evals},
    author = {OpenAI},
    howpublished = {\url{https://github.com/openai/evals}},
    note = {Accessed: 2023-07-01},
    year= {2023}
}

@article{bills2023language,
  title={Language models can explain neurons in language models},
  author={Bills, Steven and Cammarata, Nick and Mossing, Dan and Tillman, Henk and Gao, Leo and Goh, Gabriel and Sutskever, Ilya and Leike, Jan and Wu, Jeff and Saunders, William},
  journal={URL https://openaipublic. blob. core. windows. net/neuron-explainer/paper/index. html.(Date accessed: 14.05. 2023)},
  year={2023}
}

@article{amodei2016concrete,
  title={Concrete problems in AI safety},
  author={Amodei, Dario and Olah, Chris and Steinhardt, Jacob and Christiano, Paul and Schulman, John and Man{\'e}, Dan},
  journal={arXiv preprint arXiv:1606.06565},
  year={2016}
}